@article{mpps06,
	author{Morgenstern, B., Prohaska, S., PÃ¶hler, D. und Stadler, P.},
	title={Multiple sequence alignment with user-defined anchor points},
	journal={Algorithms for Molecular Biology},
	volume={1:6},
	year=2006
}

@article{pdc10,
	author={Pitschi, F., Dechauvelle, C. und Corel, E.},
	title={Automatic detection of anchor points for multiple sequence alignment},
	journal={BMC Bioinformatics}
	volume={11:445},
	year=2010
}

@inproceedings{mahd98,
	author={Morgensten, B., Atchley, W., Hahn, K. und Dress, A.},
	title={Segment-based scores for pairwise and multiple sequence alignments},
	year=1998,
	booktitle={ISMB-98 Proceedings},
	pages={115-121},
	publisher={AAAI}
}

@incollection{a97,
	author={Abdedda\"{i}m, S.},
	title={On Incremental Computation of Transisitve Closure and Greedy Alignment},
	year=1997,
	booktitle={Pattern Matching Algorithms},
	pages={168-179},
	publisher={Oxford University Press}
}

@article{m99,
	author={Morgenstern, B.},
	title={DIALIGN 2: improvement of the segment-to-segment approach to multiple sequence alignment},
	year=1999,
	journal={Bioinformatics},
	volume={15:3},
	pages={211-218}	
}

@book{clrs09,
	author = {Cormen, T., Leiserson, C., Rivest, R. und Stein, C.},
	title = {Introduction to Algorithms, Third Edition},
	year = {2009},
	edition = {3rd},
	publisher = {The MIT Press}
}

@article{cpm10,
	author={Corel, E., Pitschi, F. und Morgenstern, B.},
	title={A \emph{min-cut} algorithm for the consistency problem in multiple sequence alignment},
	journal={Bioinformatics},
	volume={26:8},
	year=2010,
	pages={1015-1021}
}

@inproceedings{mdw96,
	author={Morgenstern, B., Dress, A., und Werner, T.},
	title={Multple DNA and protein sequence alignment based on segment-to-segment comparison},
	year=1996,
	booktitle={Proceedings of the National Academy of Sciences, USA},
	volume={93},
	pages={12098-12103},
	publisher={Natl. Acad. Sci. USA}
}

@article{mfdw98,
	author={Morgenstern, B., Frech, K., Dress, A. und Werner, T.},
	title={DIALIGN: Finding local similarities by multiple sequence alignment},
	year=1997,
	journal={Bioinformatics},
	volume={14:3},
	pages={290-294}	
}

@article{nw70,
	author={Needleman, S. und Wunsch, C.},
	title={A general method applicable to the search for similarities in the amino acids of two proteins},
	journal={Journal of Molecular Biology},
	volume={48},
	year = 1970,
	pages={443-453} 
}