@book{jele2010,
	author = "Jele, Harald",
	title = "Wissenschaftliches Arbeiten: Zitieren",
	publisher = "R. Oldenbourg Verlag",
	year = "2010"
}